% This file was created with JabRef 2.9.2.
% Encoding: UTF8

@MISC{LGC13,
  author = {Lewis, M. Paul and Simons, Gary F. and Fennig, Charles D.},
  title = {{E}thnologue: Languages of the World},
  howpublished = {17th Edition. SIL International. \url{http://www.ethnologue.com/language/GSW}},
  year = {2013},
  address = {Dallas, Texas},
  organization = {SIL International},
  owner = {David},
  timestamp = {2014.01.17}
}

@INPROCEEDINGS{Scherrer11,
  author = {Yves Scherrer},
  title = {Syntactic Transformations for {S}wiss {G}erman Dialects},
  booktitle = {Proceedings of EMNLP},
  year = {2011},
  owner = {David},
  timestamp = {2014.01.17}
}

@MISC{BFS13,
  author = {{Swiss Federal Statistical Office}},
  title = {Ständige Wohnbevölkerung nach Geschlecht und Staatsangehörigkeitskategorie,
	am Ende des Jahres.},
  howpublished = {\url{http://www.bfs.admin.ch/bfs/portal/de/index/news/04/01.Document.141977.xls}},
  year = {2013},
  owner = {David},
  timestamp = {2014.01.17}
}

